% Bibliografía

% Este fichero contiene la bibliografía de la memoria
% Está en un formato que se conoce como BibTex.
% Hay muchos sitios web que exportan referencias en formato BibTeX. 
% Prueba a buscar en http://scholar.google.com por referencias
% y verás que lo puedes hacer de manera sencilla.
% Más información: 
% http://texblog.org/2014/04/22/using-google-scholar-to-download-bibtex-citations/

% Existen varias posibilidades para referenciar diferentes tipos de documentos,
% ya que los datos necesarios varían. Así, existen formatos de entrada para
%     * libros (book)
%     * artículos en revistas de investigación (article)
%     * capítulos de libro (incollection)
%     * informes técnicos (techreport)
%     * otros (misc)
%
% Las páginas web deberían ir como misc.

% Una última cosa: no referencias nunca la WikiPedia
% La WikiPedia, como buena enciclopedia, no es fuente primaria.
% Si acaso, busca por citas en la WikiPedia (que sí ha de referenciar fuentes
% primarias) y haz referencia a las mismas.

@Book{bonabeau:_swarm,
  author = 	 {Eric Bonabeau and Marco Dorigo and Guy Theraulaz},
  title = 	 {Swarm Intelligence: From Natural to Articial Systems},
  publisher = 	 {Oxford University Press, Inc.},
  year = 	 1999
}

@article{watson53,
author = "Watson, James and Crick, Francis",
title = "Molecular structure of nucleic acids",
journal = "Nature",
year = "1953",
number = "4356",
pages = "737-738",
volume = "171",
note = "Notas opcionales"
} 

@InCollection{GBarahona04:_debian,
   author =       {González-Barahona, Jesús M. and Robles, Gregorio and
                   Ortuño Pérez, Miguel and Rodero-Merino, Luis and
                   Centeno González, José and Matellan-Olivera, Vicente and
                   Castro-Barbero, Eva and de-las-Heras-Quirós, Pedro},
   title =        {Analyzing the anatomy of {GNU/L}inux distributions:
                   methodology and case studies ({R}ed {H}at and {D}ebian)},
   pages =        {27-58},
   editor =       {Koch, Stefan},
   booktitle =    {Free/Open Source Software Development},
   publisher =    {Idea Group Publishing},
   address =      {Hershey, Pennsylvania, USA},
   year =         {2004},
}

@TechReport{ghosh02:_developer_survey,
  author = 	 {Rishab Aiyer Ghosh and Ruediger Glott and Bernhard Krieger and Gregorio Robles},
  title = 	 {Survey of Developers (Free/Libre and Open Source Software: Survey and Study)},
  institution =  {International Institute of Infonomics. University of Maastricht},
  year = 	 2002,
  address =	 {The Netherlands},
  month =	 jun,
  note =	 {\\ http://www.infonomics.nl/FLOSS/report}
}

@Misc{wheeler01:_more_than_gigab,
  author =	 {David A. Wheeler},
  title =	 {More Than a Gigabuck: {E}stimating {GNU/L}inux's Size},
  month =	 jun,
  year =	 2001,
  note =	 {\\ http://www.dwheeler.com/sloc/redhat71-v1/redhat71sloc.html}
}

@online{
buffett84,
author = "Warren E. Buffett",
title = "The Superinvestors of Graham-and-Doddsville",
year = "1984",
url = "https: //www8.gsb.columbia.edu/ sites/valueinvesting/files/files/Buffett1984.pdf",
urldate = "2019-06-30"
} 

@Misc{appKiconex,
  title =	 {Plataforma IoT Kiconex},
  url   = {https://app.kiconex.com/}
}

@Misc{productoKiconex,
  title =	 {Productos Kiconex},
  url   = {https://www.kiconex.com/producto/}
}

@Misc{modbusorg,
  title =	 {Protocolo Modbus},
  url   = {http://www.modbus.org/}
}

@Misc{iproManual,
  title =	 {Manual iPro},
  url   = {https://climate.emerson.com/documents/ipro-series-en-4923358.pdf}
}

@Misc{marcaDixell,
  title =	 {Marca Dixell},
  url   = {https://climate.emerson.com/es-es/brands/dixell}
}

@Misc{queEsKiconex,
  title =	 {¿Qué es kiconex?},
  url   = {https://www.kiconex.com/que-es-kiconex/}
}

@Misc{esp32Espressif,
  title =	 {Web de Espressif sobre su ESP32},
  url   = {https://www.espressif.com/en/products/socs/esp32/overview}
}

@Misc{VTIPG,
  title =	 {Pantalla VTIPG},
  url   = {https://climate.emerson.com/es-es/shop/1/dixell-electronics-sku-vtipg-hmi-es-es}
}

@Misc{visoprog,
  title =	 {Programa Visoprog},
  url   = {https://climate.emerson.com/es-es/shop/1/dixell-electronics-sku-visoprog-es-es}
}

@Misc{isagraf,
  title =	 {Empresa Logicbus hablando sobre ISaGRAF},
  url   = {https://www.logicbus.com.mx/isagraf.php}
}

@Misc{olimexEsp32product,
  title =	 {Página de producto de la placa Olimex ESP32-PoE},
  url   = {https://www.olimex.com/Products/IoT/ESP32/ESP32-POE/open-source-hardware}
}

@Misc{conversorUextProduct,
  title =	 {Página de producto del conversor UEXT-RS485},
  url   = {https://www.olimex.com/Products/Modules/Interface/MOD-RS485/open-source-hardware}
}

@Misc{githubWeb,
  title =	 {Página web oficial de GitHub},
  url   = {https://github.com/}
}

@Misc{libreriaRTUgithub,
  title =	 {Librería Modbus RTU para ESP32 en GitHub},
  author = {Samuel Marco},
  url   = {https://github.com/smarmengol/Modbus-Master-Slave-for-Arduino}
}

@Misc{libreriaWiFigithub,
  title =	 {Librería de lainterfaz de conexión WiFi en GitHub},
  author = {Khoi Hoang},
  url   = {https://github.com/khoih-prog/ESP_WiFiManager}
}

@Misc{VTIPG,
  title =	 {Pantalla VTIPG},
  url   = {https://climate.emerson.com/es-es/shop/1/dixell-electronics-sku-vtipg-hmi-es-es}
}

@Misc{VTIPG,
  title =	 {Pantalla VTIPG},
  url   = {https://climate.emerson.com/es-es/shop/1/dixell-electronics-sku-vtipg-hmi-es-es}
}

@Misc{VTIPG,
  title =	 {Pantalla VTIPG},
  url   = {https://climate.emerson.com/es-es/shop/1/dixell-electronics-sku-vtipg-hmi-es-es}
}

@Misc{VTIPG,
  title =	 {Pantalla VTIPG},
  url   = {https://climate.emerson.com/es-es/shop/1/dixell-electronics-sku-vtipg-hmi-es-es}
}

